{
  "leader": "02495cam a2200445Ii 4500",
  "fields": [
    {
      "001": "ocm01106835\\"
    },
    {
      "003": "OCoLC"
    },
    {
      "005": "20220104120824.0"
    },
    {
      "008": "741211s1963\\\\\\\\mau\\\\\\\\\\\\b\\\\\\\\001\\0\\eng\\\\"
    },
    {
      "007": "ta"
    },
    {
      "010": {
        "ind1": "\\",
        "ind2": "\\",
        "subfields": [
          {
            "a": "   63010139 "
          }
        ]
      }
    },
    {
      "040": {
        "ind1": "\\",
        "ind2": "\\",
        "subfields": [
          {
            "a": "DLC"
          },
          {
            "b": "eng"
          },
          {
            "c": "WPG"
          },
          {
            "d": "OCL"
          },
          {
            "d": "SER"
          },
          {
            "d": "UBA"
          },
          {
            "d": "EL{dollar}"
          },
          {
            "d": "OCL"
          },
          {
            "d": "BUF"
          },
          {
            "d": "OCLCQ"
          },
          {
            "d": "OCLCG"
          },
          {
            "d": "WY@"
          },
          {
            "d": "NED"
          },
          {
            "d": "OCLCF"
          },
          {
            "d": "OCLCO"
          },
          {
            "d": "OCLCQ"
          },
          {
            "d": "OCL"
          },
          {
            "d": "OCLCQ"
          },
          {
            "d": "NLC"
          },
          {
            "d": "CSJ"
          },
          {
            "d": "OCLCQ"
          },
          {
            "d": "TFW"
          },
          {
            "d": "OCLCQ"
          },
          {
            "d": "TYC"
          },
          {
            "d": "CPO"
          },
          {
            "d": "OCLCQ"
          },
          {
            "d": "ZJA"
          },
          {
            "d": "OCLCQ"
          },
          {
            "d": "MTU"
          },
          {
            "d": "NZ1"
          },
          {
            "d": "UWW"
          },
          {
            "d": "OCLCQ"
          },
          {
            "d": "NNM"
          },
          {
            "d": "IL4J6"
          }
        ]
      }
    },
    {
      "016": {
        "ind1": "\\",
        "ind2": "\\",
        "subfields": [
          {
            "a": "(AMICUS)000003945815"
          }
        ]
      }
    },
    {
      "019": {
        "ind1": "\\",
        "ind2": "\\",
        "subfields": [
          {
            "a": "977965968"
          },
          {
            "a": "1029364575"
          },
          {
            "a": "1087368454"
          }
        ]
      }
    },
    {
      "035": {
        "ind1": "\\",
        "ind2": "\\",
        "subfields": [
          {
            "a": "(OCoLC)1106835"
          },
          {
            "z": "(OCoLC)977965968"
          },
          {
            "z": "(OCoLC)1029364575"
          },
          {
            "z": "(OCoLC)1087368454"
          }
        ]
      }
    },
    {
      "043": {
        "ind1": "\\",
        "ind2": "\\",
        "subfields": [
          {
            "a": "n-us---"
          }
        ]
      }
    },
    {
      "050": {
        "ind1": "0",
        "ind2": "0",
        "subfields": [
          {
            "a": "E841"
          },
          {
            "b": ".R8"
          }
        ]
      }
    },
    {
      "050": {
        "ind1": "1",
        "ind2": "4",
        "subfields": [
          {
            "a": "F841"
          },
          {
            "b": ".R8x"
          }
        ]
      }
    },
    {
      "055": {
        "ind1": "\\",
        "ind2": "1",
        "subfields": [
          {
            "a": "E841.R8 1963"
          }
        ]
      }
    },
    {
      "082": {
        "ind1": "0",
        "ind2": "4",
        "subfields": [
          {
            "a": "327.73"
          },
          {
            "b": "RUS"
          }
        ]
      }
    },
    {
      "100": {
        "ind1": "1",
        "ind2": "\\",
        "subfields": [
          {
            "a": "Rusk, Dean,"
          },
          {
            "d": "1909-1994."
          }
        ]
      }
    },
    {
      "245": {
        "ind1": "1",
        "ind2": "4",
        "subfields": [
          {
            "a": "The winds of freedom :"
          },
          {
            "b": "selections from the speeches and statements of Secretary of State Dean Rusk, January 1961-August 1962 /"
          },
          {
            "c": "edited and with an introd. by Ernest K. Lindley."
          }
        ]
      }
    },
    {
      "260": {
        "ind1": "\\",
        "ind2": "\\",
        "subfields": [
          {
            "a": "Boston :"
          },
          {
            "b": "Beacon Press,"
          },
          {
            "c": "1963."
          }
        ]
      }
    },
    {
      "300": {
        "ind1": "\\",
        "ind2": "\\",
        "subfields": [
          {
            "a": "xii, 363 pages ;"
          },
          {
            "c": "22 cm."
          }
        ]
      }
    },
    {
      "336": {
        "ind1": "\\",
        "ind2": "\\",
        "subfields": [
          {
            "a": "text"
          },
          {
            "b": "txt"
          },
          {
            "2": "rdacontent"
          }
        ]
      }
    },
    {
      "337": {
        "ind1": "\\",
        "ind2": "\\",
        "subfields": [
          {
            "a": "unmediated"
          },
          {
            "b": "n"
          },
          {
            "2": "rdamedia"
          }
        ]
      }
    },
    {
      "338": {
        "ind1": "\\",
        "ind2": "\\",
        "subfields": [
          {
            "a": "volume"
          },
          {
            "b": "nc"
          },
          {
            "2": "rdacarrier"
          }
        ]
      }
    },
    {
      "505": {
        "ind1": "0",
        "ind2": "0",
        "subfields": [
          {
            "g": "1."
          },
          {
            "t": "The winds of freedom --"
          },
          {
            "g": "2."
          },
          {
            "t": "The nature of the world struggle --"
          },
          {
            "g": "3."
          },
          {
            "t": "Our positive strategy --"
          },
          {
            "g": "4."
          },
          {
            "t": "Men, administration and public service --"
          },
          {
            "g": "5."
          },
          {
            "t": "Trade and the Atlantic partnership --"
          },
          {
            "g": "6."
          },
          {
            "t": "Foreign aid --"
          },
          {
            "g": "7."
          },
          {
            "t": "Cuba, the Western Hemisphere and the Alliance for Progress --"
          },
          {
            "g": "8."
          },
          {
            "t": "Berlin, Germany and NATO --"
          },
          {
            "g": "9."
          },
          {
            "t": "Southeast Asia --"
          },
          {
            "g": "10."
          },
          {
            "t": "The Far East and the Pacific --"
          },
          {
            "g": "11."
          },
          {
            "t": "Africa, the Middle East and South Asia --"
          },
          {
            "g": "12."
          },
          {
            "t": "Trade and exchanges with the communist states --"
          },
          {
            "g": "13."
          },
          {
            "t": "Disarmament, a nuclear test ban and space --"
          },
          {
            "g": "14."
          },
          {
            "t": "The United Nation --"
          },
          {
            "g": "15."
          },
          {
            "t": "Education, information and cultural affairs --"
          },
          {
            "g": "16."
          },
          {
            "t": "Toasts and tributes --"
          },
          {
            "g": "17."
          },
          {
            "t": "Our goal: a worldwide victory for freedom."
          }
        ]
      }
    },
    {
      "504": {
        "ind1": "\\",
        "ind2": "\\",
        "subfields": [
          {
            "a": "Includes bibliographical references and index."
          }
        ]
      }
    },
    {
      "651": {
        "ind1": "\\",
        "ind2": "0",
        "subfields": [
          {
            "a": "United States"
          },
          {
            "x": "Foreign relations"
          },
          {
            "y": "1961-1963."
          }
        ]
      }
    },
    {
      "650": {
        "ind1": "\\",
        "ind2": "0",
        "subfields": [
          {
            "a": "World politics"
          },
          {
            "y": "1955-1965."
          }
        ]
      }
    },
    {
      "650": {
        "ind1": "\\",
        "ind2": "7",
        "subfields": [
          {
            "a": "Diplomatic relations."
          },
          {
            "2": "fast"
          },
          {
            "0": "(OCoLC)fst01907412"
          }
        ]
      }
    },
    {
      "650": {
        "ind1": "\\",
        "ind2": "7",
        "subfields": [
          {
            "a": "World politics."
          },
          {
            "2": "fast"
          },
          {
            "0": "(OCoLC)fst01181381"
          }
        ]
      }
    },
    {
      "651": {
        "ind1": "\\",
        "ind2": "7",
        "subfields": [
          {
            "a": "United States."
          },
          {
            "2": "fast"
          },
          {
            "0": "(OCoLC)fst01204155"
          }
        ]
      }
    },
    {
      "648": {
        "ind1": "\\",
        "ind2": "7",
        "subfields": [
          {
            "a": "1955-1965"
          },
          {
            "2": "fast"
          }
        ]
      }
    },
    {
      "776": {
        "ind1": "0",
        "ind2": "8",
        "subfields": [
          {
            "i": "Online version:"
          },
          {
            "a": "Rusk, Dean, 1909-1994."
          },
          {
            "t": "Winds of freedom."
          },
          {
            "d": "Boston, Beacon Press [1963]"
          },
          {
            "w": "(OCoLC)565041618"
          }
        ]
      }
    },
    {
      "994": {
        "ind1": "\\",
        "ind2": "\\",
        "subfields": [
          {
            "a": "Z0"
          },
          {
            "b": "NYRVC"
          }
        ]
      }
    },
    {
      "948": {
        "ind1": "\\",
        "ind2": "\\",
        "subfields": [
          {
            "h": "NO HOLDINGS IN NYRVC - 829 OTHER HOLDINGS"
          }
        ]
      }
    },
    {
      "999": {
        "ind1": "\\",
        "ind2": "\\",
        "subfields": [
          {
            "a": "00000000015285"
          }
        ]
      }
    },
    {
      "999": {
        "ind1": "\\",
        "ind2": "\\",
        "subfields": [
          {
            "a": "00000000018441"
          }
        ]
      }
    }
  ]
}